@inproceedings{contin,
    title={Continuous integration in a social-coding world: Empirical evidence from GitHub},
    author={Vasilescu, B. and van Schuylenburg, S. and Wulm, J. and Serebrenik, A. and van den Brand, G.J.},
    issn={1063-6773},
    journal={Proceedings of the 30th IEEE International Conference on Software Maintenance and Evolution},
    year={2015},
    doi={10.1109/ICSME.2014.62},
    url={http://ieeexplore.ieee.org/xpl/articleDetails.jsp?arnumber=6976106}
}
@inproceedings{softwareinspections,
    author = {Ackerman, A.F. and Fowler, P.J. and Ebenau, R.G.},
    title = {Software Inspections and the Industrial Production of Software},
    booktitle = {Proc. Of a Symposium on Software Validation: Inspection-testing-verification-alternatives},
    year = {1984},
    isbn = {0-444-87593-X},
    location = {Darmstadt, Germany},
    pages = {13--40},
    numpages = {28},
    acmid = {3543},
    publisher = {Elsevier North-Holland, Inc.},
    address = {New York, NY, USA},
} 
@misc{githubblog,
    author = {Brian Doll},
    title = {10 Million Repositories},
    month = {12},
    year = {2013},
    howpublished={Retrieved from \url{https://github.com/blog/1724-10-million-repositories}}
}
@misc{reviewtools,
    author = {Sherif Koussa},
    title = {Static Code Analysis List},
    month = {5},
    year = {2013},
    howpublished={Retrieved from \url{http://projects.webappsec.org/w/page/61622133/StaticCodeAnalysisList}}
}
@misc{findbugscheckstyle,
    author = {Markus Sprunck},
    title = {Comparison of Static Code Analysis Tools for Java - Findbugs vs PMD vs Checkstyle},
    howpublished={Retrieved from \url{http://www.sw-engineering-candies.com/blog-1/comparison-of-findbugs-pmd-and-checkstyle}}
}
@inproceedings{comparisonstatic,
    author={M. Mantere and I. Uusitalo and J. Roning},
    booktitle={2009 Third International Conference on Emerging Security Information, Systems and Technologies},
    title={Comparison of Static Code Analysis Tools},
    year={2009},
    pages={15-22},
    keywords={program diagnostics;security of data;software quality;software tools;Frama-C;information security;nonannotation based heuristic analyzer;software quality;static code analysis tools;Application software;Computer bugs;Computer errors;Failure analysis;Humans;Information analysis;Information security;Open source software;Performance analysis;Software quality},
    doi={10.1109/SECURWARE.2009.10},
    ISSN={2162-2108},
    month={June}
}
@misc{wang2015visualized,
  title={Visualized code review},
  author={Wang, J. and Tang, L. and Xuan, Y. and Damata, R.L.},
  url={https://www.google.nl/patents/EP2859452A2?cl=en},
  year={2015},
  month=apr # "~15",
  publisher={Google Patents},
  note={EP Patent App. EP20,130,728,050}
}
@article{automaticallyrecommending,
    title={Automatically Recommending Peer Reviewers in Modern Code Review},
    author={Zanjani, M. and Kagdi, H. and Bird, C.},
    ISSN={0098-5589},
    journal={IEEE Transactions on Software Engineering (Volume:PP, Issue: 99)},
    year={2015},
    doi={10.1109/TSE.2015.2500238},
    url={http://ieeexplore.ieee.org/xpl/articleDetails.jsp?arnumber=7328331}
}
@inproceedings{insupportofpeercodereview,
    title={In Support of Peer Code Review and Inspection in an Undergraduate Software Engineering Course},
    author={Sripada, S. and Raghu Reddy, Y. and Sureka, A.},
    issn={1093-0175},
    journal={Proceedings of the 28th Conference on Software Engineering Education and Training },
    year={2015},
    doi={10.1109/CSEET.2015.8},
    url={http://ieeexplore.ieee.org/xpl/articleDetails.jsp?arnumber=7203843}
}
@inproceedings{impactofpeercodereview,
    title={Impact of Peer Code Review on Peer Impression Formation: A Survey},
    author={Bosu, A. and Carver, J.C.},
    issn={1949-3770},
    journal={Proceedings of the ACM / IEEE International Symposium on Empirical Software Engineering and Measurement},
    year={2013},
    doi={10.1109/ESEM.2013.23},
    url={http://ieeexplore.ieee.org/xpl/articleDetails.jsp?arnumber=6681346}
}
@inproceedings{characteristics,
    title={Characteristics of Useful Code Reviews: An Empirical Study at Microsoft},
    author={Bosu, A. and Greiler, M. and Bird, C.},
    issn={2160-1852},
    journal={Proceedings of the 12th IEEE/ACM Working Conference on Mining Software Repositories},
    year={2015},
    doi={10.1109/MSR.2015.21},
    url={http://ieeexplore.ieee.org/xpl/articleDetails.jsp?arnumber=7180075}
}
@inproceedings{whoshouldreviewmycode,
	Author={Patanamon Thongtanunam and  Chakkrit Tantithamthavorn and  Raula Gaikovina Kula and  Norihiro Yoshida and  Hajimu Iida and Kenichi Matsumoto},
	Title = {Who Should Review My Code? A File Location-Based Code-Reviewer Recommendation Approach for Modern Code Review},
	Booktitle = {Proceedings of the the 22nd IEEE International Conference on Software Analysis, Evolution, and Reengineering (SANER)},
	Pages = {141–150},
	Year = {2015}
}
@inproceedings{captainteach,
    title={CaptainTeach: A Platform for In-Flow Peer Review of Programming Assignments},
    author={Joe Gibbs Politz and Shriram Krishnamurthi and Kathi Fisler},
    isbn={978-1-4503-2833-3},
    pages={332--332},
    journal={Proceedings of the 2014 conference on Innovation & technology in computer science education },
    year={2014},
    doi={10.1145/2591708.2602687},
    url={https://dl.acm.org/citation.cfm?id=2602687&CFID=779558567&CFTOKEN=62150425}
}